@book{okasaki1999purely,
  title={Purely functional data structures},
  author={Okasaki, Chris},
  year={1999},
  publisher={Cambridge University Press}
}